@article{lecun2015deep,
  title={Deep learning},
  author={LeCun, Yann and Bengio, Yoshua and Hinton, Geoffrey},
  journal={nature},
  volume={521},
  number={7553},
  pages={436--444},
  year={2015},
  publisher={Nature Publishing Group UK London}
}

@book{jolliffe2016principal,
  title={Principal Component Analysis},
  author={Jolliffe, Ian T. and Cadima, Jorge},
  year={2016},
  publisher={Springer}
}

@inproceedings{ronneberger2015u,
  title={U-net: Convolutional networks for biomedical image segmentation},
  author={Ronneberger, Olaf and Fischer, Philipp and Brox, Thomas},
  booktitle={Medical image computing and computer-assisted intervention--MICCAI 2015: 18th international conference, Munich, Germany, October 5-9, 2015, proceedings, part III 18},
  pages={234--241},
  year={2015},
  organization={Springer}
}

@article{oktay2018attention,
  title={Attention u-net: Learning where to look for the pancreas},
  author={Oktay, Ozan and Schlemper, Jo and Folgoc, Loic Le and Lee, Matthew and Heinrich, Mattias and Misawa, Kazunari and Mori, Kensaku and McDonagh, Steven and Hammerla, Nils Y and Kainz, Bernhard and others},
  journal={arXiv preprint arXiv:1804.03999},
  year={2018}
}

@article{cai2020dense,
  title={Dense-UNet: a novel multiphoton in vivo cellular image segmentation model based on a convolutional neural network},
  author={Cai, Sijing and Tian, Yunxian and Lui, Harvey and Zeng, Haishan and Wu, Yi and Chen, Guannan},
  journal={Quantitative imaging in medicine and surgery},
  volume={10},
  number={6},
  pages={1275},
  year={2020},
  publisher={AME Publications}
}

@article{li2019dice,
  title={Dice loss for data-imbalanced NLP tasks},
  author={Li, Xiaoya and Sun, Xiaofei and Meng, Yuxian and Liang, Junjun and Wu, Fei and Li, Jiwei},
  journal={arXiv preprint arXiv:1911.02855},
  year={2019}
}

@inproceedings{ross2017focal,
  title={Focal loss for dense object detection},
  author={Ross, T-YLPG and Doll{\'a}r, GKHP},
  booktitle={proceedings of the IEEE conference on computer vision and pattern recognition},
  pages={2980--2988},
  year={2017}
}

@inproceedings{ester1996density,
  title={A density-based algorithm for discovering clusters in large spatial databases with noise},
  author={Ester, Martin and Kriegel, Hans-Peter and Sander, J{\"o}rg and Xu, Xiaowei and others},
  booktitle={kdd},
  volume={96},
  number={34},
  pages={226--231},
  year={1996}
}
